Region,Country,Item Type,Sales Channel,Order Priority,Order Date,Order ID,Ship Date,Units Sold,Unit Price,Unit Cost,Total Revenue,Total Cost,Total Profit
Middle East and North Africa,Libya,Cosmetics,Offline,M,10/18/2014,686800706,10/31/2014,8446,437.2,263.33,3692591.2,2224085.18,1468506.02
North America,Canada,Vegetables,Online,M,11/07/2011,185941302,12/08/2011,3018,154.06,90.93,464953.08,274426.74,190526.34
Middle East and North Africa,Libya,Baby Food,Offline,C,10/31/2016,246222341,12/09/2016,1517,255.28,159.42,387259.76,241840.14,145419.62
Asia,Japan,Cereal,Offline,C,4/10/2010,161442649,5/12/2010,3322,205.7,117.11,683335.4,389039.42,294295.98
Sub-Saharan Africa,Chad,Fruits,Offline,H,8/16/2011,645713555,8/31/2011,9845,9.33,6.92,91853.85,68127.4,23726.45
Europe,Armenia,Cereal,Online,H,11/24/2014,683458888,12/28/2014,9528,205.7,117.11,1959909.6,1115824.08,844085.52
Sub-Saharan Africa,Eritrea,Cereal,Online,H,3/04/2015,679414975,4/17/2015,2844,205.7,117.11,585010.8,333060.84,251949.96
Europe,Montenegro,Clothes,Offline,M,5/17/2012,208630645,6/28/2012,7299,109.28,35.84,797634.72,261596.16,536038.56
Central America and the Caribbean,Jamaica,Vegetables,Online,H,1/29/2015,266467225,3/07/2015,2428,154.06,90.93,374057.68,220778.04,153279.64
Australia and Oceania,Fiji,Vegetables,Offline,H,12/24/2013,118598544,1/19/2014,4800,154.06,90.93,739488,436464,303024
Sub-Saharan Africa,Togo,Clothes,Online,M,12/29/2015,451010930,1/19/2016,3012,109.28,35.84,329151.36,107950.08,221201.28
Europe,Montenegro,Snacks,Offline,M,2/27/2010,220003211,3/18/2010,2694,152.58,97.44,411050.52,262503.36,148547.16
Europe,Greece,Household,Online,C,11/17/2016,702186715,12/22/2016,1508,668.27,502.54,1007751.16,757830.32,249920.84
Sub-Saharan Africa,Sudan,Cosmetics,Online,C,12/20/2015,544485270,1/05/2016,4146,437.2,263.33,1812631.2,1091766.18,720865.02
Asia,Maldives,Fruits,Offline,L,1/08/2011,714135205,2/06/2011,7332,9.33,6.92,68407.56,50737.44,17670.12
Europe,Montenegro,Clothes,Offline,H,6/28/2010,448685348,7/22/2010,4820,109.28,35.84,526729.6,172748.8,353980.8
Europe,Estonia,Office Supplies,Online,H,4/25/2016,405997025,5/12/2016,2397,651.21,524.96,1560950.37,1258329.12,302621.25
North America,Greenland,Beverages,Online,M,7/27/2012,414244067,8/07/2012,2880,47.45,31.79,136656,91555.2,45100.8
Sub-Saharan Africa,Cape Verde,Clothes,Online,C,9/08/2014,821912801,10/03/2014,1117,109.28,35.84,122065.76,40033.28,82032.48
Sub-Saharan Africa,Senegal,Household,Offline,L,8/27/2012,247802054,9/08/2012,8989,668.27,502.54,6007079.03,4517332.06,1489746.97
Australia and Oceania,Federated States of Micronesia,Snacks,Online,C,9/03/2012,531023156,10/15/2012,407,152.58,97.44,62100.06,39658.08,22441.98
Europe,Bulgaria,Clothes,Online,L,8/27/2010,880999934,9/16/2010,6313,109.28,35.84,689884.64,226257.92,463626.72
Middle East and North Africa,Algeria,Personal Care,Online,H,2/20/2011,127468717,3/09/2011,9681,81.73,56.67,791228.13,548622.27,242605.86
Asia,Mongolia,Clothes,Online,L,12/12/2015,770478332,1/24/2016,515,109.28,35.84,56279.2,18457.6,37821.6
Central America and the Caribbean,Grenada,Cereal,Online,H,10/28/2012,430390107,11/13/2012,852,205.7,117.11,175256.4,99777.72,75478.68
Central America and the Caribbean,Grenada,Beverages,Online,M,1/30/2017,397877871,3/20/2017,9759,47.45,31.79,463064.55,310238.61,152825.94
Sub-Saharan Africa,Senegal,Beverages,Offline,M,10/22/2014,683927953,11/04/2014,8334,47.45,31.79,395448.3,264937.86,130510.44
North America,Greenland,Fruits,Offline,M,1/31/2012,469839179,2/22/2012,4709,9.33,6.92,43934.97,32586.28,11348.69
Sub-Saharan Africa,Chad,Meat,Offline,H,1/20/2016,357222878,3/09/2016,9043,421.89,364.69,3815151.27,3297891.67,517259.6
Sub-Saharan Africa,Mauritius ,Personal Care,Online,C,1/01/2016,118002879,1/07/2016,8529,81.73,56.67,697075.17,483338.43,213736.74
Middle East and North Africa,Morocco,Beverages,Offline,C,6/01/2017,944415509,6/23/2017,2391,47.45,31.79,113452.95,76009.89,37443.06
Central America and the Caribbean,Honduras,Office Supplies,Online,H,6/30/2015,499009597,7/09/2015,6884,651.21,524.96,4482929.64,3613824.64,869105
Sub-Saharan Africa,Benin,Fruits,Online,L,1/28/2014,564646470,3/16/2014,293,9.33,6.92,2733.69,2027.56,706.13
Europe,Greece,Baby Food,Offline,M,4/08/2014,294499957,4/08/2014,7937,255.28,159.42,2026157.36,1265316.54,760840.82
Central America and the Caribbean,Jamaica,Beverages,Offline,L,9/04/2010,262056386,10/24/2010,7163,47.45,31.79,339884.35,227711.77,112172.58
Sub-Saharan Africa,Equatorial Guinea,Office Supplies,Online,M,5/02/2010,211114585,5/14/2010,2352,651.21,524.96,1531645.92,1234705.92,296940
Sub-Saharan Africa,Swaziland,Office Supplies,Offline,H,10/03/2013,405785882,10/22/2013,9915,651.21,524.96,6456747.15,5204978.4,1251768.75
Central America and the Caribbean,Trinidad and Tobago,Vegetables,Offline,M,3/06/2011,280494105,4/14/2011,3294,154.06,90.93,507473.64,299523.42,207950.22
Europe,Sweden,Baby Food,Online,L,8/07/2016,689975583,8/12/2016,7963,255.28,159.42,2032794.64,1269461.46,763333.18
Europe,Belarus,Office Supplies,Online,L,1/11/2011,759279143,2/18/2011,6426,651.21,524.96,4184675.46,3373392.96,811282.5
Sub-Saharan Africa,Guinea-Bissau,Office Supplies,Offline,C,5/21/2014,133766114,6/12/2014,3221,651.21,524.96,2097547.41,1690896.16,406651.25
Asia,Mongolia,Beverages,Online,M,8/03/2013,329110324,9/02/2013,9913,47.45,31.79,470371.85,315134.27,155237.58
Middle East and North Africa,Turkey,Meat,Online,L,10/05/2011,681298100,11/20/2011,103,421.89,364.69,43454.67,37563.07,5891.6
Sub-Saharan Africa,Central African Republic,Snacks,Offline,L,11/15/2016,596628272,12/30/2016,4419,152.58,97.44,674251.02,430587.36,243663.66
Sub-Saharan Africa,Equatorial Guinea,Office Supplies,Offline,L,4/03/2015,901712167,4/17/2015,5523,651.21,524.96,3596632.83,2899354.08,697278.75
Asia,Laos,Beverages,Online,M,3/22/2013,693473613,4/21/2013,3107,47.45,31.79,147427.15,98771.53,48655.62
Europe,Armenia,Meat,Online,C,8/02/2010,489148938,9/01/2010,8896,421.89,364.69,3753133.44,3244282.24,508851.2
Europe,Greece,Household,Online,L,1/05/2012,876286971,2/15/2012,1643,668.27,502.54,1097967.61,825673.22,272294.39
Middle East and North Africa,Israel,Personal Care,Offline,H,8/26/2015,262749040,8/30/2015,2135,81.73,56.67,174493.55,120990.45,53503.1
Asia,Bhutan,Meat,Online,H,12/09/2016,726708972,1/26/2017,8189,421.89,364.69,3454857.21,2986446.41,468410.8
Australia and Oceania,Vanuatu,Vegetables,Online,L,5/17/2012,366653096,5/31/2012,9654,154.06,90.93,1487295.24,877838.22,609457.02
Sub-Saharan Africa,Burundi,Vegetables,Online,M,11/17/2010,951380240,12/20/2010,3410,154.06,90.93,525344.6,310071.3,215273.3
Europe,Ukraine,Cosmetics,Online,M,11/13/2014,270001733,1/01/2015,8368,437.2,263.33,3658489.6,2203545.44,1454944.16
Europe,Croatia,Beverages,Online,C,6/16/2016,681941401,7/28/2016,470,47.45,31.79,22301.5,14941.3,7360.2
Sub-Saharan Africa,Madagascar,Fruits,Online,L,5/31/2016,566935575,6/07/2016,7690,9.33,6.92,71747.7,53214.8,18532.9
Asia,Malaysia,Snacks,Offline,M,10/06/2012,175033080,11/05/2012,5033,152.58,97.44,767935.14,490415.52,277519.62
Asia,Uzbekistan,Office Supplies,Offline,L,3/10/2012,276595246,3/15/2012,9535,651.21,524.96,6209287.35,5005493.6,1203793.75
Europe,Italy,Office Supplies,Online,M,1/26/2011,812295901,2/13/2011,5263,651.21,524.96,3427318.23,2762864.48,664453.75
Asia,Nepal,Vegetables,Offline,C,6/02/2014,443121373,6/19/2014,8316,154.06,90.93,1281162.96,756173.88,524989.08
Australia and Oceania,Fiji,Personal Care,Offline,H,12/17/2016,600370490,1/25/2017,1824,81.73,56.67,149075.52,103366.08,45709.44
Europe,Portugal,Office Supplies,Online,L,6/27/2014,535654580,7/29/2014,949,651.21,524.96,617998.29,498187.04,119811.25
Central America and the Caribbean,Panama,Cosmetics,Offline,H,3/17/2015,470897471,4/22/2015,7881,437.2,263.33,3445573.2,2075303.73,1370269.47
Europe,Belarus,Beverages,Offline,L,4/03/2013,248335492,4/04/2013,6846,47.45,31.79,324842.7,217634.34,107208.36
Sub-Saharan Africa,Botswana,Clothes,Offline,C,3/08/2015,680517470,3/25/2015,9097,109.28,35.84,994120.16,326036.48,668083.68
Sub-Saharan Africa,Tanzania,Personal Care,Online,M,6/21/2013,400304734,7/29/2013,7921,81.73,56.67,647383.33,448883.07,198500.26
Europe,Romania,Office Supplies,Offline,C,1/06/2013,810871112,1/08/2013,3636,651.21,524.96,2367799.56,1908754.56,459045
Sub-Saharan Africa,Mali,Cereal,Online,L,3/17/2012,235702931,4/03/2012,8590,205.7,117.11,1766963,1005974.9,760988.1
Sub-Saharan Africa,Central African Republic,Office Supplies,Offline,C,4/18/2014,668599021,5/12/2014,2163,651.21,524.96,1408567.23,1135488.48,273078.75
Sub-Saharan Africa,Niger,Baby Food,Online,M,1/03/2016,123670709,2/01/2016,5766,255.28,159.42,1471944.48,919215.72,552728.76
Europe,Austria,Office Supplies,Online,L,5/12/2011,285341823,6/08/2011,7841,651.21,524.96,5106137.61,4116211.36,989926.25
Asia,India,Fruits,Online,H,7/29/2010,658348691,8/22/2010,8862,9.33,6.92,82682.46,61325.04,21357.42
Europe,Luxembourg,Baby Food,Offline,L,8/02/2013,817740142,8/19/2013,6335,255.28,159.42,1617198.8,1009925.7,607273.1
Sub-Saharan Africa,Cape Verde,Beverages,Offline,H,10/23/2013,858877503,11/06/2013,9794,47.45,31.79,464725.3,311351.26,153374.04
Europe,Sweden,Vegetables,Offline,M,2/05/2017,947434604,2/19/2017,5808,154.06,90.93,894780.48,528121.44,366659.04
Europe,Iceland,Meat,Offline,H,3/20/2015,869397771,4/17/2015,2975,421.89,364.69,1255122.75,1084952.75,170170
Middle East and North Africa,Qatar,Personal Care,Offline,L,5/06/2012,481065833,5/08/2012,6925,81.73,56.67,565980.25,392439.75,173540.5
Sub-Saharan Africa,South Sudan,Meat,Online,C,9/30/2013,159050118,10/01/2013,5319,421.89,364.69,2244032.91,1939786.11,304246.8
Europe,United Kingdom,Office Supplies,Online,M,5/20/2014,350274455,6/14/2014,2850,651.21,524.96,1855948.5,1496136,359812.5
Middle East and North Africa,Tunisia ,Cereal,Online,L,4/09/2010,221975171,5/17/2010,6241,205.7,117.11,1283773.7,730883.51,552890.19
North America,United States of America,Office Supplies,Online,C,6/09/2017,811701095,7/19/2017,9247,651.21,524.96,6021738.87,4854305.12,1167433.75
Sub-Saharan Africa,Liberia,Cereal,Online,L,2/08/2015,977313554,3/29/2015,7653,205.7,117.11,1574222.1,896242.83,677979.27
Sub-Saharan Africa,Eritrea,Snacks,Offline,L,1/25/2010,546986377,2/10/2010,4279,152.58,97.44,652889.82,416945.76,235944.06
Asia,South Korea,Fruits,Offline,L,3/07/2010,769205892,3/17/2010,3972,9.33,6.92,37058.76,27486.24,9572.52
Sub-Saharan Africa,Kenya,Clothes,Offline,M,1/03/2013,262770926,2/08/2013,8611,109.28,35.84,941010.08,308618.24,632391.84
Sub-Saharan Africa,Rwanda,Snacks,Online,M,3/06/2017,866792809,3/18/2017,2109,152.58,97.44,321791.22,205500.96,116290.26
Central America and the Caribbean,Cuba,Beverages,Offline,C,1/09/2011,890695369,2/23/2011,5408,47.45,31.79,256609.6,171920.32,84689.28
Middle East and North Africa,Libya,Cereal,Offline,M,3/27/2014,964214932,3/31/2014,1480,205.7,117.11,304436,173322.8,131113.2
Europe,Czech Republic,Snacks,Online,C,6/28/2013,887400329,8/17/2013,332,152.58,97.44,50656.56,32350.08,18306.48
Europe,Montenegro,Beverages,Offline,M,9/04/2011,980612885,9/04/2011,3999,47.45,31.79,189752.55,127128.21,62624.34
Europe,Montenegro,Clothes,Offline,M,7/14/2016,734526431,8/02/2016,1549,109.28,35.84,169274.72,55516.16,113758.56
Asia,Philippines,Baby Food,Online,L,2/23/2014,160127294,3/23/2014,4079,255.28,159.42,1041287.12,650274.18,391012.94
Central America and the Caribbean,El Salvador,Clothes,Offline,L,8/07/2010,238714301,9/13/2010,9721,109.28,35.84,1062310.88,348400.64,713910.24
Australia and Oceania,Tonga,Household,Online,M,1/14/2013,671898782,2/06/2013,8635,668.27,502.54,5770511.45,4339432.9,1431078.55
Sub-Saharan Africa,Democratic Republic of the Congo,Personal Care,Offline,H,9/30/2010,331604564,11/17/2010,8014,81.73,56.67,654984.22,454153.38,200830.84
Middle East and North Africa,Afghanistan,Cereal,Online,M,10/13/2016,410067975,11/20/2016,7081,205.7,117.11,1456561.7,829255.91,627305.79
Australia and Oceania,Tuvalu,Snacks,Offline,L,3/16/2011,369837844,3/23/2011,2091,152.58,97.44,319044.78,203747.04,115297.74
Sub-Saharan Africa,Sudan,Fruits,Online,L,12/26/2012,193775498,1/31/2013,1331,9.33,6.92,12418.23,9210.52,3207.71
Sub-Saharan Africa,Niger,Clothes,Online,M,9/02/2015,835054767,10/09/2015,117,109.28,35.84,12785.76,4193.28,8592.48
Sub-Saharan Africa,Gabon,Household,Offline,C,11/11/2013,167161977,12/24/2013,5798,668.27,502.54,3874629.46,2913726.92,960902.54
Australia and Oceania,East Timor,Vegetables,Offline,C,8/04/2014,633895957,8/22/2014,2755,154.06,90.93,424435.3,250512.15,173923.15
North America,United States of America,Clothes,Offline,C,10/21/2010,699368035,12/07/2010,7398,109.28,35.84,808453.44,265144.32,543309.12
Middle East and North Africa,Jordan,Vegetables,Offline,L,6/13/2015,698002040,7/29/2015,3170,154.06,90.93,488370.2,288248.1,200122.1
Europe,Cyprus,Snacks,Offline,H,3/29/2012,584534299,5/18/2012,5544,152.58,97.44,845903.52,540207.36,305696.16
Sub-Saharan Africa,Malawi,Vegetables,Online,L,6/22/2012,384013640,7/19/2012,7025,154.06,90.93,1082271.5,638783.25,443488.25
Europe,Iceland,Personal Care,Online,M,5/10/2013,641801393,5/24/2013,2149,81.73,56.67,175637.77,121783.83,53853.94
Middle East and North Africa,Israel,Personal Care,Online,M,12/10/2016,173571383,1/11/2017,2484,81.73,56.67,203017.32,140768.28,62249.04
Middle East and North Africa,United Arab Emirates,Snacks,Offline,H,3/20/2011,115309941,4/06/2011,1629,152.58,97.44,248552.82,158729.76,89823.06
Asia,China,Cosmetics,Offline,L,9/22/2011,773315894,11/04/2011,213,437.2,263.33,93123.6,56089.29,37034.31
Sub-Saharan Africa,Kenya,Beverages,Online,M,5/11/2012,274200570,6/26/2012,897,47.45,31.79,42562.65,28515.63,14047.02
Middle East and North Africa,Somalia,Clothes,Offline,M,11/15/2011,414887797,11/17/2011,3374,109.28,35.84,368710.72,120924.16,247786.56
Australia and Oceania,Tonga,Beverages,Offline,L,1/27/2010,812613904,1/29/2010,9367,47.45,31.79,444464.15,297776.93,146687.22
Asia,Bangladesh,Baby Food,Online,H,8/17/2011,254927718,9/07/2011,7632,255.28,159.42,1948296.96,1216693.44,731603.52
Middle East and North Africa,Egypt,Beverages,Offline,M,9/06/2014,749690568,10/26/2014,8954,47.45,31.79,424867.3,284647.66,140219.64
Sub-Saharan Africa,Eritrea,Cereal,Offline,C,9/03/2014,775076282,9/19/2014,1150,205.7,117.11,236555,134676.5,101878.5
Sub-Saharan Africa,Swaziland,Office Supplies,Online,H,9/05/2015,229571187,9/18/2015,4071,651.21,524.96,2651075.91,2137112.16,513963.75
Asia,Vietnam,Baby Food,Online,C,6/20/2011,881974112,7/11/2011,4594,255.28,159.42,1172756.32,732375.48,440380.84
Australia and Oceania,Marshall Islands,Snacks,Online,L,1/12/2012,521396386,2/14/2012,1632,152.58,97.44,249010.56,159022.08,89988.48
Asia,Taiwan,Household,Online,C,1/23/2017,607261836,2/22/2017,1127,668.27,502.54,753140.29,566362.58,186777.71
Europe,Ireland,Vegetables,Online,M,3/04/2012,419306790,3/12/2012,1052,154.06,90.93,162071.12,95658.36,66412.76
Sub-Saharan Africa,Rwanda,Meat,Offline,H,7/18/2010,207580077,7/18/2010,6413,421.89,364.69,2705580.57,2338756.97,366823.6
Europe,Sweden,Snacks,Online,M,4/12/2011,742443025,4/15/2011,4245,152.58,97.44,647702.1,413632.8,234069.3
Sub-Saharan Africa,Gabon,Snacks,Offline,M,10/03/2010,164569461,10/05/2010,8615,152.58,97.44,1314476.7,839445.6,475031.1
Sub-Saharan Africa,South Africa,Baby Food,Online,L,12/29/2013,734945714,2/12/2014,5624,255.28,159.42,1435694.72,896578.08,539116.64
Europe,United Kingdom,Clothes,Offline,C,9/19/2015,284870612,10/07/2015,8399,109.28,35.84,917842.72,301020.16,616822.56
Europe,Albania,Fruits,Offline,M,9/17/2011,765955483,10/07/2011,2104,9.33,6.92,19630.32,14559.68,5070.64
Asia,Malaysia,Snacks,Offline,H,3/11/2010,600124156,4/21/2010,8929,152.58,97.44,1362386.82,870041.76,492345.06
Sub-Saharan Africa,Ghana,Household,Offline,L,11/10/2012,529612958,12/11/2012,3098,668.27,502.54,2070300.46,1556868.92,513431.54
Central America and the Caribbean,Cuba,Clothes,Offline,H,2/16/2011,466970717,3/18/2011,5867,109.28,35.84,641145.76,210273.28,430872.48
Central America and the Caribbean,Saint Lucia,Cosmetics,Online,C,8/13/2012,845058763,9/22/2012,522,437.2,263.33,228218.4,137458.26,90760.14
Europe,Romania,Snacks,Offline,L,8/28/2014,367050921,8/31/2014,7379,152.58,97.44,1125887.82,719009.76,406878.06
Europe,Portugal,Office Supplies,Online,L,8/19/2015,956433522,9/12/2015,8788,651.21,524.96,5722833.48,4613348.48,1109485
Europe,Macedonia,Beverages,Online,C,3/20/2011,107005393,5/04/2011,4129,47.45,31.79,195921.05,131260.91,64660.14
Asia,China,Beverages,Offline,C,4/16/2013,332877862,5/07/2013,4811,47.45,31.79,228281.95,152941.69,75340.26
Europe,Germany,Baby Food,Online,L,11/13/2015,618474757,12/31/2015,9279,255.28,159.42,2368743.12,1479258.18,889484.94
Europe,Ireland,Household,Online,M,1/10/2014,468532407,2/11/2014,8006,668.27,502.54,5350169.62,4023335.24,1326834.38
Europe,Poland,Office Supplies,Offline,M,4/09/2015,358099639,4/29/2015,8496,651.21,524.96,5532680.16,4460060.16,1072620
Sub-Saharan Africa,Namibia,Household,Online,H,1/07/2013,382537782,1/27/2013,285,668.27,502.54,190456.95,143223.9,47233.05
Asia,Uzbekistan,Personal Care,Offline,H,2/12/2013,707520663,3/15/2013,9942,81.73,56.67,812559.66,563413.14,249146.52
Sub-Saharan Africa,Zimbabwe,Meat,Online,M,11/28/2014,219034612,12/10/2014,6064,421.89,364.69,2558340.96,2211480.16,346860.8
Asia,Mongolia,Meat,Offline,M,1/03/2015,573378455,1/17/2015,4281,421.89,364.69,1806111.09,1561237.89,244873.2
Europe,Norway,Personal Care,Online,H,2/03/2011,347163522,3/22/2011,2256,81.73,56.67,184382.88,127847.52,56535.36
Middle East and North Africa,Oman,Snacks,Offline,M,4/09/2013,887313640,4/21/2013,4679,152.58,97.44,713921.82,455921.76,258000.06
Europe,Serbia,Cosmetics,Online,H,7/26/2017,461065137,8/19/2017,8275,437.2,263.33,3617830,2179055.75,1438774.25
Sub-Saharan Africa,Democratic Republic of the Congo,Fruits,Offline,H,4/15/2017,105966842,5/19/2017,6798,9.33,6.92,63425.34,47042.16,16383.18
Europe,Bulgaria,Baby Food,Online,M,5/16/2014,479880082,5/23/2014,6035,255.28,159.42,1540614.8,962099.7,578515.1
Asia,Brunei,Baby Food,Online,H,8/12/2015,510978686,9/30/2015,8803,255.28,159.42,2247229.84,1403374.26,843855.58
Europe,Serbia,Snacks,Offline,C,9/20/2013,547748982,10/14/2013,9951,152.58,97.44,1518323.58,969625.44,548698.14
Sub-Saharan Africa,Ghana,Cereal,Offline,M,10/31/2013,108989799,12/09/2013,1358,205.7,117.11,279340.6,159035.38,120305.22
Sub-Saharan Africa,Malawi,Cereal,Offline,M,7/30/2014,133812463,8/09/2014,6936,205.7,117.11,1426735.2,812274.96,614460.24
Sub-Saharan Africa,Zimbabwe,Fruits,Offline,L,11/12/2011,731640803,12/30/2011,7627,9.33,6.92,71159.91,52778.84,18381.07
Europe,Cyprus,Snacks,Offline,C,3/25/2010,732211148,4/14/2010,6405,152.58,97.44,977274.9,624103.2,353171.7
Central America and the Caribbean,Nicaragua,Cereal,Online,M,7/04/2011,835572326,8/08/2011,3274,205.7,117.11,673461.8,383418.14,290043.66
Europe,Estonia,Baby Food,Offline,C,1/01/2011,462085664,1/15/2011,271,255.28,159.42,69180.88,43202.82,25978.06
Europe,Estonia,Clothes,Online,C,6/16/2016,902424991,7/04/2016,6463,109.28,35.84,706276.64,231633.92,474642.72
Europe,Lithuania,Fruits,Offline,H,12/17/2013,367576634,1/05/2014,2949,9.33,6.92,27514.17,20407.08,7107.09
Sub-Saharan Africa,Republic of the Congo,Meat,Offline,H,3/01/2017,738839423,3/31/2017,7859,421.89,364.69,3315633.51,2866098.71,449534.8
Europe,Czech Republic,Baby Food,Online,C,7/02/2010,817824685,7/27/2010,1353,255.28,159.42,345393.84,215695.26,129698.58
Sub-Saharan Africa,Cameroon,Snacks,Online,C,7/16/2013,376456248,8/01/2013,624,152.58,97.44,95209.92,60802.56,34407.36
Asia,Vietnam,Office Supplies,Online,H,8/16/2016,606970441,9/16/2016,4897,651.21,524.96,3188975.37,2570729.12,618246.25
Europe,Moldova ,Meat,Offline,L,12/16/2014,971916091,1/19/2015,424,421.89,364.69,178881.36,154628.56,24252.8
Middle East and North Africa,Bahrain,Office Supplies,Offline,L,5/14/2012,554154527,5/15/2012,5494,651.21,524.96,3577747.74,2884130.24,693617.5
Europe,Hungary,Household,Online,L,7/18/2017,306859576,7/19/2017,5423,668.27,502.54,3624028.21,2725274.42,898753.79
Australia and Oceania,Marshall Islands,Personal Care,Offline,L,7/09/2017,803517568,7/21/2017,7559,81.73,56.67,617797.07,428368.53,189428.54
Middle East and North Africa,Iraq,Office Supplies,Online,C,9/30/2011,887927329,10/02/2011,6283,651.21,524.96,4091552.43,3298323.68,793228.75
Europe,Albania,Vegetables,Online,H,11/24/2015,824200189,11/26/2015,8006,154.06,90.93,1233404.36,727985.58,505418.78
Sub-Saharan Africa,Lesotho,Office Supplies,Online,H,8/14/2012,946759974,9/14/2012,6170,651.21,524.96,4017965.7,3239003.2,778962.5
Middle East and North Africa,Lebanon,Clothes,Offline,H,12/06/2015,310343015,12/28/2015,6249,109.28,35.84,682890.72,223964.16,458926.56
Europe,Hungary,Vegetables,Online,C,5/25/2014,739998137,7/09/2014,748,154.06,90.93,115236.88,68015.64,47221.24
Asia,Japan,Beverages,Online,H,10/18/2012,981086671,11/21/2012,4203,47.45,31.79,199432.35,133613.37,65818.98
Europe,Georgia,Office Supplies,Offline,L,3/13/2013,749282443,3/25/2013,8180,651.21,524.96,5326897.8,4294172.8,1032725
Europe,Estonia,Office Supplies,Online,C,2/23/2011,280571782,3/11/2011,6280,651.21,524.96,4089598.8,3296748.8,792850
Europe,Luxembourg,Household,Online,C,8/15/2014,781253516,9/01/2014,9131,668.27,502.54,6101973.37,4588692.74,1513280.63
Sub-Saharan Africa,Swaziland,Personal Care,Online,H,7/06/2017,377938973,7/11/2017,9396,81.73,56.67,767935.08,532471.32,235463.76
Europe,Romania,Clothes,Offline,C,12/31/2010,867551982,1/03/2011,6765,109.28,35.84,739279.2,242457.6,496821.6
Sub-Saharan Africa,Ethiopia,Personal Care,Offline,C,1/13/2010,967328870,1/15/2010,2964,81.73,56.67,242247.72,167969.88,74277.84
Sub-Saharan Africa,Chad,Office Supplies,Offline,C,9/17/2011,364818465,10/16/2011,6746,651.21,524.96,4393062.66,3541380.16,851682.5
Middle East and North Africa,Morocco,Office Supplies,Online,C,3/08/2014,167882096,3/31/2014,8898,651.21,524.96,5794466.58,4671094.08,1123372.5
North America,Mexico,Clothes,Online,H,11/18/2012,654693591,12/01/2012,7237,109.28,35.84,790859.36,259374.08,531485.28
Sub-Saharan Africa,Nigeria,Personal Care,Offline,H,11/18/2011,823739278,12/29/2011,1612,81.73,56.67,131748.76,91352.04,40396.72
Central America and the Caribbean,Trinidad and Tobago,Beverages,Offline,L,7/12/2012,643817985,8/19/2012,8904,47.45,31.79,422494.8,283058.16,139436.64
Europe,Moldova ,Personal Care,Offline,H,3/30/2017,604041039,5/15/2017,8022,81.73,56.67,655638.06,454606.74,201031.32
Australia and Oceania,Solomon Islands,Personal Care,Online,H,7/26/2010,363832271,9/12/2010,4909,81.73,56.67,401212.57,278193.03,123019.54
Asia,India,Personal Care,Online,L,12/24/2015,102928006,1/31/2016,7539,81.73,56.67,616162.47,427235.13,188927.34
Sub-Saharan Africa,Burkina Faso,Office Supplies,Offline,M,5/15/2016,971377074,5/15/2016,917,651.21,524.96,597159.57,481388.32,115771.25
Australia and Oceania,Kiribati,Meat,Online,L,11/03/2010,139540803,12/04/2010,2079,421.89,364.69,877109.31,758190.51,118918.8
Middle East and North Africa,Israel,Meat,Offline,M,12/01/2010,248093020,12/16/2010,5093,421.89,364.69,2148685.77,1857366.17,291319.6
Sub-Saharan Africa,Comoros,Snacks,Offline,L,1/16/2014,858020055,1/17/2014,6056,152.58,97.44,924024.48,590096.64,333927.84
Middle East and North Africa,Iran,Baby Food,Offline,H,12/11/2014,700620734,1/05/2015,8099,255.28,159.42,2067512.72,1291142.58,776370.14
Asia,Vietnam,Cosmetics,Offline,L,12/24/2016,827506387,1/30/2017,6384,437.2,263.33,2791084.8,1681098.72,1109986.08
Central America and the Caribbean,Belize,Household,Online,M,3/21/2013,560600841,4/14/2013,3101,668.27,502.54,2072305.27,1558376.54,513928.73
Europe,Belarus,Personal Care,Offline,H,12/08/2012,642140424,1/16/2013,2476,81.73,56.67,202363.48,140314.92,62048.56
North America,United States of America,Baby Food,Offline,C,2/13/2015,984673964,3/05/2015,5763,255.28,159.42,1471178.64,918737.46,552441.18
Europe,Poland,Beverages,Online,L,3/28/2012,221062791,4/18/2012,6247,47.45,31.79,296420.15,198592.13,97828.02
North America,Canada,Vegetables,Offline,L,10/07/2016,654480731,11/08/2016,4247,154.06,90.93,654292.82,386179.71,268113.11
Middle East and North Africa,Israel,Beverages,Offline,C,12/15/2011,608414113,12/23/2011,2111,47.45,31.79,100166.95,67108.69,33058.26
Middle East and North Africa,Lebanon,Household,Online,L,3/08/2016,276661765,4/20/2016,9219,668.27,502.54,6160781.13,4632916.26,1527864.87
Europe,Andorra,Baby Food,Online,L,1/18/2011,373335015,2/28/2011,6982,255.28,159.42,1782364.96,1113070.44,669294.52
Europe,Slovakia,Clothes,Online,L,4/11/2013,782857692,5/28/2013,3843,109.28,35.84,419963.04,137733.12,282229.92
Sub-Saharan Africa,Liberia,Fruits,Online,H,5/18/2010,109966123,6/05/2010,274,9.33,6.92,2556.42,1896.08,660.34
Central America and the Caribbean,Antigua and Barbuda ,Cereal,Offline,M,6/05/2017,629709136,6/06/2017,3782,205.7,117.11,777957.4,442910.02,335047.38
Asia,China,Personal Care,Online,L,9/11/2012,637448060,9/15/2012,3901,81.73,56.67,318828.73,221069.67,97759.06
Sub-Saharan Africa,Niger,Baby Food,Online,H,3/08/2017,298856723,4/03/2017,7200,255.28,159.42,1838016,1147824,690192
Europe,United Kingdom,Household,Offline,L,1/28/2015,299921452,2/23/2015,2278,668.27,502.54,1522319.06,1144786.12,377532.94
Asia,Bangladesh,Personal Care,Offline,M,7/26/2010,496941077,7/29/2010,4763,81.73,56.67,389279.99,269919.21,119360.78
Asia,Myanmar,Snacks,Online,L,6/24/2016,366526925,7/14/2016,2317,152.58,97.44,353527.86,225768.48,127759.38
Australia and Oceania,Tonga,Meat,Offline,M,8/18/2012,355602824,9/15/2012,9633,421.89,364.69,4064066.37,3513058.77,551007.6
Sub-Saharan Africa,Guinea-Bissau,Vegetables,Online,C,3/11/2010,531405103,4/19/2010,3434,154.06,90.93,529042.04,312253.62,216788.42
Australia and Oceania,Nauru,Vegetables,Offline,M,1/14/2010,131482589,1/20/2010,7475,154.06,90.93,1151598.5,679701.75,471896.75
Sub-Saharan Africa,Swaziland,Cereal,Online,L,2/10/2014,713696610,3/28/2014,7542,205.7,117.11,1551389.4,883243.62,668145.78
Europe,Finland,Vegetables,Online,C,1/21/2014,306220996,1/30/2014,6452,154.06,90.93,993995.12,586680.36,407314.76
Australia and Oceania,Papua New Guinea,Household,Offline,L,2/28/2010,157542073,3/15/2010,9055,668.27,502.54,6051184.85,4550499.7,1500685.15
Sub-Saharan Africa,Mauritius ,Personal Care,Online,L,2/18/2015,686458671,3/08/2015,7230,81.73,56.67,590907.9,409724.1,181183.8
Sub-Saharan Africa,Mozambique,Office Supplies,Online,M,6/14/2012,132082116,7/22/2012,4888,651.21,524.96,3183114.48,2566004.48,617110
Europe,Bulgaria,Clothes,Online,L,3/05/2013,403836238,4/03/2013,2972,109.28,35.84,324780.16,106516.48,218263.68
Europe,Spain,Household,Online,C,4/10/2014,331457364,4/23/2014,4455,668.27,502.54,2977142.85,2238815.7,738327.15
Australia and Oceania,Vanuatu,Meat,Online,H,7/26/2017,614994323,9/12/2017,9341,421.89,364.69,3940874.49,3406569.29,534305.2
Europe,Belgium,Fruits,Offline,L,10/19/2010,674808442,10/24/2010,9669,9.33,6.92,90211.77,66909.48,23302.29
Europe,Belgium,Baby Food,Offline,L,11/08/2016,901573550,12/23/2016,4503,255.28,159.42,1149525.84,717868.26,431657.58
Sub-Saharan Africa,Guinea-Bissau,Clothes,Online,L,3/31/2014,406275975,5/10/2014,4944,109.28,35.84,540280.32,177192.96,363087.36
Sub-Saharan Africa,Togo,Vegetables,Online,C,8/18/2016,170214545,8/19/2016,9121,154.06,90.93,1405181.26,829372.53,575808.73
Sub-Saharan Africa,Cote d'Ivoire,Personal Care,Offline,C,1/03/2016,795000588,1/08/2016,7196,81.73,56.67,588129.08,407797.32,180331.76
Sub-Saharan Africa,Republic of the Congo,Fruits,Offline,C,10/21/2016,252557933,11/04/2016,6360,9.33,6.92,59338.8,44011.2,15327.6
Middle East and North Africa,Libya,Baby Food,Offline,M,12/10/2016,635122907,12/13/2016,5837,255.28,159.42,1490069.36,930534.54,559534.82
Australia and Oceania,East Timor,Vegetables,Online,C,8/12/2011,505244338,9/19/2011,1882,154.06,90.93,289940.92,171130.26,118810.66
Europe,Switzerland,Clothes,Offline,H,3/23/2012,745783555,5/09/2012,2782,109.28,35.84,304016.96,99706.88,204310.08
Australia and Oceania,Palau,Snacks,Offline,M,4/27/2012,509914386,6/11/2012,3853,152.58,97.44,587890.74,375436.32,212454.42
Middle East and North Africa,Jordan,Household,Online,M,1/29/2014,371123158,2/09/2014,2445,668.27,502.54,1633920.15,1228710.3,405209.85
Europe,Slovenia,Household,Online,H,12/13/2016,973208701,12/28/2016,2936,668.27,502.54,1962040.72,1475457.44,486583.28
Asia,South Korea,Baby Food,Online,L,11/21/2013,780282342,12/27/2013,1739,255.28,159.42,443931.92,277231.38,166700.54
Europe,Norway,Clothes,Online,H,4/07/2010,126767909,5/22/2010,2296,109.28,35.84,250906.88,82288.64,168618.24
Middle East and North Africa,Afghanistan,Baby Food,Online,M,7/08/2012,767401731,7/30/2012,80,255.28,159.42,20422.4,12753.6,7668.8
Asia,Bangladesh,Personal Care,Online,L,10/15/2016,927232635,11/24/2016,7597,81.73,56.67,620902.81,430521.99,190380.82
Sub-Saharan Africa,Guinea,Meat,Offline,M,9/18/2012,251621949,10/20/2012,9381,421.89,364.69,3957750.09,3421156.89,536593.2
Central America and the Caribbean,Cuba,Office Supplies,Offline,H,7/02/2017,256243503,7/23/2017,7002,651.21,524.96,4559772.42,3675769.92,884002.5
Europe,Russia,Cosmetics,Offline,C,7/21/2011,277083623,9/02/2011,4056,437.2,263.33,1773283.2,1068066.48,705216.72
Sub-Saharan Africa,Seychelles ,Vegetables,Offline,L,6/01/2010,620441138,6/22/2010,1175,154.06,90.93,181020.5,106842.75,74177.75
Asia,South Korea,Office Supplies,Offline,M,7/26/2015,312927377,9/07/2015,1020,651.21,524.96,664234.2,535459.2,128775
Sub-Saharan Africa,Ghana,Baby Food,Offline,L,8/06/2010,251466166,9/08/2010,3282,255.28,159.42,837828.96,523216.44,314612.52
Central America and the Caribbean,Costa Rica,Office Supplies,Online,H,6/20/2010,953293836,7/22/2010,9685,651.21,524.96,6306968.85,5084237.6,1222731.25
Europe,Romania,Cereal,Online,C,4/08/2012,305959212,4/23/2012,8985,205.7,117.11,1848214.5,1052233.35,795981.15
Europe,Czech Republic,Cereal,Online,L,2/27/2014,317323625,3/24/2014,1967,205.7,117.11,404611.9,230355.37,174256.53
Europe,Liechtenstein,Household,Offline,L,7/25/2011,365560901,9/01/2011,6449,668.27,502.54,4309673.23,3240880.46,1068792.77
Sub-Saharan Africa,Seychelles ,Baby Food,Online,M,2/18/2016,349157369,4/05/2016,2279,255.28,159.42,581783.12,363318.18,218464.94
Middle East and North Africa,Somalia,Baby Food,Online,L,1/24/2014,236911857,2/25/2014,6338,255.28,159.42,1617964.64,1010403.96,607560.68
Australia and Oceania,Solomon Islands,Personal Care,Offline,H,5/10/2015,517935693,6/16/2015,7536,81.73,56.67,615917.28,427065.12,188852.16
Sub-Saharan Africa,Uganda,Clothes,Offline,C,2/13/2012,851652705,3/27/2012,1816,109.28,35.84,198452.48,65085.44,133367.04
Sub-Saharan Africa,Equatorial Guinea,Cereal,Offline,M,9/07/2012,517799222,10/23/2012,7151,205.7,117.11,1470960.7,837453.61,633507.09
Central America and the Caribbean,Costa Rica,Office Supplies,Offline,C,2/04/2015,666424071,3/04/2015,8547,651.21,524.96,5565891.87,4486833.12,1079058.75
Europe,Moldova ,Fruits,Offline,C,11/16/2010,267888581,12/22/2010,3039,9.33,6.92,28353.87,21029.88,7323.99
Sub-Saharan Africa,Burkina Faso,Vegetables,Online,L,7/20/2011,162866580,7/26/2011,4695,154.06,90.93,723311.7,426916.35,296395.35
Central America and the Caribbean,Guatemala,Beverages,Offline,H,7/26/2014,812344396,8/30/2014,9614,47.45,31.79,456184.3,305629.06,150555.24
Sub-Saharan Africa,Swaziland,Meat,Online,M,8/24/2014,947620856,9/03/2014,924,421.89,364.69,389826.36,336973.56,52852.8
Asia,Maldives,Vegetables,Online,H,2/25/2015,720307290,3/28/2015,3789,154.06,90.93,583733.34,344533.77,239199.57
Asia,Thailand,Household,Online,H,9/21/2016,352327525,10/27/2016,399,668.27,502.54,266639.73,200513.46,66126.27
Sub-Saharan Africa,Sudan,Household,Online,C,6/28/2013,585917890,7/23/2013,4979,668.27,502.54,3327316.33,2502146.66,825169.67
Central America and the Caribbean,Costa Rica,Meat,Offline,L,1/05/2012,433627212,2/13/2012,8783,421.89,364.69,3705459.87,3203072.27,502387.6
Europe,Denmark,Beverages,Online,C,5/01/2012,328316819,5/30/2012,5098,47.45,31.79,241900.1,162065.42,79834.68
Sub-Saharan Africa,Angola,Cereal,Offline,C,10/13/2011,773160541,11/21/2011,4240,205.7,117.11,872168,496546.4,375621.6
Australia and Oceania,Papua New Guinea,Household,Online,M,4/27/2016,991644704,5/18/2016,8559,668.27,502.54,5719722.93,4301239.86,1418483.07
Asia,North Korea,Meat,Online,M,1/19/2014,277568137,2/07/2014,7435,421.89,364.69,3136752.15,2711470.15,425282
Central America and the Caribbean,El Salvador,Fruits,Online,C,11/06/2016,245042169,12/15/2016,2278,9.33,6.92,21253.74,15763.76,5489.98
Sub-Saharan Africa,Burkina Faso,Household,Online,M,2/28/2011,778490626,3/24/2011,1531,668.27,502.54,1023121.37,769388.74,253732.63
Middle East and North Africa,Yemen,Baby Food,Online,C,10/11/2014,482649838,11/13/2014,5668,255.28,159.42,1446927.04,903592.56,543334.48
Sub-Saharan Africa,Republic of the Congo,Beverages,Online,L,6/25/2012,732568633,7/05/2012,2193,47.45,31.79,104057.85,69715.47,34342.38
Europe,Andorra,Household,Online,M,11/06/2012,723608338,11/23/2012,642,668.27,502.54,429029.34,322630.68,106398.66
Central America and the Caribbean,Dominican Republic,Household,Offline,H,2/24/2014,621442782,4/14/2014,7584,668.27,502.54,5068159.68,3811263.36,1256896.32
Middle East and North Africa,Israel,Baby Food,Offline,M,9/19/2015,212058293,10/06/2015,1616,255.28,159.42,412532.48,257622.72,154909.76
Australia and Oceania,Solomon Islands,Snacks,Offline,L,3/04/2014,251753699,3/24/2014,8369,152.58,97.44,1276942.02,815475.36,461466.66
Sub-Saharan Africa,Liberia,Fruits,Online,M,10/08/2014,217140328,10/30/2014,5503,9.33,6.92,51342.99,38080.76,13262.23
Sub-Saharan Africa,Mali,Vegetables,Online,C,6/19/2012,555142009,7/10/2012,7712,154.06,90.93,1188110.72,701252.16,486858.56
Asia,Uzbekistan,Clothes,Online,C,11/11/2010,432995069,12/13/2010,1718,109.28,35.84,187743.04,61573.12,126169.92
Middle East and North Africa,Tunisia ,Personal Care,Offline,H,11/01/2010,888248336,11/07/2010,1276,81.73,56.67,104287.48,72310.92,31976.56
Europe,Vatican City,Vegetables,Online,C,4/28/2014,778763139,5/09/2014,2173,154.06,90.93,334772.38,197590.89,137181.49
Sub-Saharan Africa,Djibouti,Snacks,Offline,H,12/22/2012,832713305,2/09/2013,7227,152.58,97.44,1102695.66,704198.88,398496.78
Europe,Ukraine,Household,Offline,M,8/25/2014,498585164,9/29/2014,1285,668.27,502.54,858726.95,645763.9,212963.05
Australia and Oceania,East Timor,Fruits,Offline,M,11/26/2016,195177543,12/23/2016,6227,9.33,6.92,58097.91,43090.84,15007.07
Sub-Saharan Africa,Uganda,Cereal,Online,C,10/20/2010,861601769,12/02/2010,5965,205.7,117.11,1227000.5,698561.15,528439.35
Sub-Saharan Africa,Guinea,Meat,Online,H,12/18/2014,807281672,1/26/2015,1441,421.89,364.69,607943.49,525518.29,82425.2
Sub-Saharan Africa,Equatorial Guinea,Clothes,Offline,H,3/20/2011,661953580,4/24/2011,5629,109.28,35.84,615137.12,201743.36,413393.76
Europe,Malta,Cosmetics,Online,M,7/12/2016,225666320,8/21/2016,8534,437.2,263.33,3731064.8,2247258.22,1483806.58
Europe,Cyprus,Household,Offline,L,1/26/2011,718781220,2/19/2011,2191,668.27,502.54,1464179.57,1101065.14,363114.43
Europe,Czech Republic,Office Supplies,Online,L,2/24/2010,731972110,4/15/2010,5668,651.21,524.96,3691058.28,2975473.28,715585
Middle East and North Africa,Libya,Vegetables,Online,C,1/02/2015,276225316,2/09/2015,64,154.06,90.93,9859.84,5819.52,4040.32
Asia,Vietnam,Office Supplies,Offline,C,7/26/2016,332839667,7/27/2016,3509,651.21,524.96,2285095.89,1842084.64,443011.25
Middle East and North Africa,Jordan,Vegetables,Online,C,6/01/2014,603426492,6/15/2014,6163,154.06,90.93,949471.78,560401.59,389070.19
Sub-Saharan Africa,Mali,Beverages,Offline,H,12/21/2012,859909617,1/29/2013,5220,47.45,31.79,247689,165943.8,81745.2
Europe,Czech Republic,Household,Online,L,2/27/2010,494525372,3/02/2010,9902,668.27,502.54,6617209.54,4976151.08,1641058.46
Europe,Slovakia,Vegetables,Online,M,4/24/2016,769822585,5/15/2016,6465,154.06,90.93,995997.9,587862.45,408135.45
Sub-Saharan Africa,Zimbabwe,Vegetables,Offline,C,7/22/2012,768662583,8/10/2012,3195,154.06,90.93,492221.7,290521.35,201700.35
Central America and the Caribbean,Honduras,Cereal,Online,M,2/22/2015,544219195,3/09/2015,5409,205.7,117.11,1112631.3,633447.99,479183.31
Europe,Switzerland,Beverages,Offline,L,2/10/2011,669978749,3/20/2011,455,47.45,31.79,21589.75,14464.45,7125.3
Sub-Saharan Africa,South Africa,Cosmetics,Offline,L,1/21/2015,889740073,1/26/2015,2715,437.2,263.33,1186998,714940.95,472057.05
Sub-Saharan Africa,Uganda,Beverages,Online,M,5/10/2012,567614495,6/28/2012,8598,47.45,31.79,407975.1,273330.42,134644.68
Middle East and North Africa,Iran,Vegetables,Offline,M,12/16/2015,938025844,1/21/2016,1547,154.06,90.93,238330.82,140668.71,97662.11
Middle East and North Africa,Algeria,Vegetables,Online,C,2/25/2017,155710446,2/25/2017,7036,154.06,90.93,1083966.16,639783.48,444182.68
Sub-Saharan Africa,Central African Republic,Baby Food,Online,L,1/31/2012,945717132,2/13/2012,7570,255.28,159.42,1932469.6,1206809.4,725660.2
Central America and the Caribbean,The Bahamas,Cosmetics,Offline,C,2/07/2013,253407227,2/15/2013,7685,437.2,263.33,3359882,2023691.05,1336190.95
Sub-Saharan Africa,South Africa,Household,Offline,H,9/14/2014,494454562,9/22/2014,8948,668.27,502.54,5979679.96,4496727.92,1482952.04
Sub-Saharan Africa,Benin,Cereal,Online,M,6/05/2012,104845464,7/24/2012,4957,205.7,117.11,1019654.9,580514.27,439140.63
Europe,Hungary,Cosmetics,Online,M,4/05/2014,290878760,4/07/2014,6344,437.2,263.33,2773596.8,1670565.52,1103031.28
Europe,Austria,Office Supplies,Offline,C,2/02/2014,979165780,2/10/2014,5768,651.21,524.96,3756179.28,3027969.28,728210
Asia,Tajikistan,Office Supplies,Offline,C,9/01/2010,366630351,10/12/2010,2923,651.21,524.96,1903486.83,1534458.08,369028.75
Europe,Portugal,Office Supplies,Online,C,5/17/2011,770508801,6/25/2011,9532,651.21,524.96,6207333.72,5003918.72,1203415
Europe,Belgium,Beverages,Offline,M,4/21/2013,978349959,5/21/2013,4349,47.45,31.79,206360.05,138254.71,68105.34
Europe,Slovenia,Beverages,Offline,L,8/10/2014,298015153,8/14/2014,8161,47.45,31.79,387239.45,259438.19,127801.26
Europe,Czech Republic,Snacks,Online,M,9/19/2010,807678210,10/30/2010,8786,152.58,97.44,1340567.88,856107.84,484460.04
Australia and Oceania,Marshall Islands,Personal Care,Offline,C,4/13/2013,605825459,5/14/2013,6071,81.73,56.67,496182.83,344043.57,152139.26
Sub-Saharan Africa,Sudan,Fruits,Online,C,1/28/2016,561255729,2/01/2016,6897,9.33,6.92,64349.01,47727.24,16621.77
Central America and the Caribbean,Dominican Republic,Clothes,Online,H,12/09/2013,263080346,12/14/2013,175,109.28,35.84,19124,6272,12852
Sub-Saharan Africa,Tanzania,Cereal,Offline,C,2/21/2014,270723140,3/09/2014,1848,205.7,117.11,380133.6,216419.28,163714.32
Europe,Switzerland,Clothes,Offline,H,6/09/2017,763920438,7/10/2017,9888,109.28,35.84,1080560.64,354385.92,726174.72
North America,Greenland,Household,Online,L,4/17/2014,192721068,5/20/2014,9302,668.27,502.54,6216247.54,4674627.08,1541620.46
Australia and Oceania,Tonga,Fruits,Offline,L,5/20/2011,227486360,6/08/2011,7124,9.33,6.92,66466.92,49298.08,17168.84
Middle East and North Africa,Saudi Arabia,Vegetables,Online,M,8/28/2012,808890140,9/22/2012,7422,154.06,90.93,1143433.32,674882.46,468550.86
,,,,,,,,,,,,,
,,,,,,,,,,,,,
,,,,,,,,,,,,,
,,,,,,,,,,,,,
,,,,,,,,,,,,,
,,,,,,,,,,,,,
,,,,,,,,,,,,,
,,,,,,,,,,,,,
,,,,,,,,,,,,,
,,,,,,,,,,,,,
,,,,,,,,,,,,,
,,,,,,,,,,,,,
,,,,,,,,,,,,,
,,,,,,,,,,,,,
,,,,,,,,,,,,,
,,,,,,,,,,,,,
,,,,,,,,,,,,,
,,,,,,,,,,,,,
,,,,,,,,,,,,,
,,,,,,,,,,,,,
,,,,,,,,,,,,,
,,,,,,,,,,,,,
,,,,,,,,,,,,,
,,,,,,,,,,,,,
,,,,,,,,,,,,,
,,,,,,,,,,,,,
,,,,,,,,,,,,,
,,,,,,,,,,,,,
,,,,,,,,,,,,,
,,,,,,,,,,,,,
,,,,,,,,,,,,,
,,,,,,,,,,,,,
,,,,,,,,,,,,,
,,,,,,,,,,,,,
,,,,,,,,,,,,,
,,,,,,,,,,,,,
,,,,,,,,,,,,,
,,,,,,,,,,,,,
,,,,,,,,,,,,,
,,,,,,,,,,,,,
,,,,,,,,,,,,,
,,,,,,,,,,,,,
,,,,,,,,,,,,,
,,,,,,,,,,,,,
,,,,,,,,,,,,,
,,,,,,,,,,,,,
,,,,,,,,,,,,,
,,,,,,,,,,,,,
,,,,,,,,,,,,,
,,,,,,,,,,,,,
,,,,,,,,,,,,,
,,,,,,,,,,,,,
,,,,,,,,,,,,,
,,,,,,,,,,,,,
,,,,,,,,,,,,,
,,,,,,,,,,,,,
,,,,,,,,,,,,,
,,,,,,,,,,,,,
,,,,,,,,,,,,,
,,,,,,,,,,,,,
,,,,,,,,,,,,,
,,,,,,,,,,,,,
,,,,,,,,,,,,,
,,,,,,,,,,,,,
,,,,,,,,,,,,,
,,,,,,,,,,,,,
,,,,,,,,,,,,,
,,,,,,,,,,,,,
,,,,,,,,,,,,,
,,,,,,,,,,,,,
,,,,,,,,,,,,,
,,,,,,,,,,,,,
,,,,,,,,,,,,,
,,,,,,,,,,,,,
,,,,,,,,,,,,,
,,,,,,,,,,,,,
,,,,,,,,,,,,,
,,,,,,,,,,,,,
,,,,,,,,,,,,,
,,,,,,,,,,,,,
,,,,,,,,,,,,,
,,,,,,,,,,,,,
,,,,,,,,,,,,,
,,,,,,,,,,,,,
,,,,,,,,,,,,,
,,,,,,,,,,,,,
,,,,,,,,,,,,,
,,,,,,,,,,,,,
,,,,,,,,,,,,,
,,,,,,,,,,,,,
,,,,,,,,,,,,,
,,,,,,,,,,,,,
,,,,,,,,,,,,,
,,,,,,,,,,,,,
,,,,,,,,,,,,,
,,,,,,,,,,,,,
,,,,,,,,,,,,,
,,,,,,,,,,,,,
,,,,,,,,,,,,,
,,,,,,,,,,,,,
,,,,,,,,,,,,,
,,,,,,,,,,,,,
,,,,,,,,,,,,,
,,,,,,,,,,,,,
,,,,,,,,,,,,,
,,,,,,,,,,,,,
,,,,,,,,,,,,,
,,,,,,,,,,,,,
,,,,,,,,,,,,,
,,,,,,,,,,,,,
,,,,,,,,,,,,,
,,,,,,,,,,,,,
,,,,,,,,,,,,,
,,,,,,,,,,,,,
,,,,,,,,,,,,,
,,,,,,,,,,,,,
,,,,,,,,,,,,,
,,,,,,,,,,,,,
,,,,,,,,,,,,,
,,,,,,,,,,,,,
,,,,,,,,,,,,,
,,,,,,,,,,,,,
,,,,,,,,,,,,,
,,,,,,,,,,,,,
,,,,,,,,,,,,,
,,,,,,,,,,,,,
,,,,,,,,,,,,,
,,,,,,,,,,,,,
,,,,,,,,,,,,,
,,,,,,,,,,,,,
,,,,,,,,,,,,,
,,,,,,,,,,,,,
,,,,,,,,,,,,,
,,,,,,,,,,,,,
,,,,,,,,,,,,,
,,,,,,,,,,,,,
,,,,,,,,,,,,,
,,,,,,,,,,,,,
,,,,,,,,,,,,,
,,,,,,,,,,,,,
,,,,,,,,,,,,,
,,,,,,,,,,,,,
,,,,,,,,,,,,,
,,,,,,,,,,,,,
,,,,,,,,,,,,,
,,,,,,,,,,,,,
,,,,,,,,,,,,,
,,,,,,,,,,,,,
,,,,,,,,,,,,,
,,,,,,,,,,,,,
,,,,,,,,,,,,,
,,,,,,,,,,,,,
,,,,,,,,,,,,,
,,,,,,,,,,,,,
,,,,,,,,,,,,,
,,,,,,,,,,,,,
,,,,,,,,,,,,,
,,,,,,,,,,,,,
,,,,,,,,,,,,,
,,,,,,,,,,,,,
,,,,,,,,,,,,,
,,,,,,,,,,,,,
,,,,,,,,,,,,,
,,,,,,,,,,,,,
,,,,,,,,,,,,,
,,,,,,,,,,,,,
,,,,,,,,,,,,,
,,,,,,,,,,,,,
,,,,,,,,,,,,,
,,,,,,,,,,,,,
,,,,,,,,,,,,,
,,,,,,,,,,,,,
,,,,,,,,,,,,,
,,,,,,,,,,,,,
,,,,,,,,,,,,,
,,,,,,,,,,,,,
,,,,,,,,,,,,,
,,,,,,,,,,,,,
,,,,,,,,,,,,,
,,,,,,,,,,,,,
,,,,,,,,,,,,,
,,,,,,,,,,,,,
,,,,,,,,,,,,,
,,,,,,,,,,,,,
,,,,,,,,,,,,,
,,,,,,,,,,,,,
,,,,,,,,,,,,,
,,,,,,,,,,,,,
,,,,,,,,,,,,,
,,,,,,,,,,,,,
,,,,,,,,,,,,,
,,,,,,,,,,,,,
,,,,,,,,,,,,,
,,,,,,,,,,,,,
,,,,,,,,,,,,,
,,,,,,,,,,,,,
,,,,,,,,,,,,,
,,,,,,,,,,,,,
,,,,,,,,,,,,,
,,,,,,,,,,,,,
,,,,,,,,,,,,,
,,,,,,,,,,,,,
,,,,,,,,,,,,,
,,,,,,,,,,,,,
,,,,,,,,,,,,,
,,,,,,,,,,,,,
,,,,,,,,,,,,,
,,,,,,,,,,,,,
,,,,,,,,,,,,,
,,,,,,,,,,,,,
,,,,,,,,,,,,,
,,,,,,,,,,,,,
,,,,,,,,,,,,,
,,,,,,,,,,,,,
,,,,,,,,,,,,,
,,,,,,,,,,,,,
,,,,,,,,,,,,,
,,,,,,,,,,,,,
,,,,,,,,,,,,,
,,,,,,,,,,,,,
,,,,,,,,,,,,,
,,,,,,,,,,,,,
,,,,,,,,,,,,,
,,,,,,,,,,,,,
,,,,,,,,,,,,,
,,,,,,,,,,,,,
,,,,,,,,,,,,,
,,,,,,,,,,,,,
,,,,,,,,,,,,,
,,,,,,,,,,,,,
,,,,,,,,,,,,,
,,,,,,,,,,,,,
,,,,,,,,,,,,,
,,,,,,,,,,,,,
,,,,,,,,,,,,,
,,,,,,,,,,,,,
,,,,,,,,,,,,,
,,,,,,,,,,,,,
,,,,,,,,,,,,,
,,,,,,,,,,,,,
,,,,,,,,,,,,,
,,,,,,,,,,,,,
,,,,,,,,,,,,,
,,,,,,,,,,,,,
,,,,,,,,,,,,,
,,,,,,,,,,,,,
,,,,,,,,,,,,,
,,,,,,,,,,,,,
,,,,,,,,,,,,,
,,,,,,,,,,,,,
,,,,,,,,,,,,,
,,,,,,,,,,,,,
,,,,,,,,,,,,,
,,,,,,,,,,,,,
,,,,,,,,,,,,,
,,,,,,,,,,,,,
,,,,,,,,,,,,,
,,,,,,,,,,,,,
,,,,,,,,,,,,,
,,,,,,,,,,,,,
,,,,,,,,,,,,,
,,,,,,,,,,,,,
,,,,,,,,,,,,,
,,,,,,,,,,,,,
,,,,,,,,,,,,,
,,,,,,,,,,,,,
,,,,,,,,,,,,,
,,,,,,,,,,,,,
,,,,,,,,,,,,,
,,,,,,,,,,,,,
,,,,,,,,,,,,,
,,,,,,,,,,,,,
,,,,,,,,,,,,,
,,,,,,,,,,,,,
,,,,,,,,,,,,,
,,,,,,,,,,,,,
,,,,,,,,,,,,,
,,,,,,,,,,,,,
,,,,,,,,,,,,,
,,,,,,,,,,,,,
,,,,,,,,,,,,,
,,,,,,,,,,,,,
,,,,,,,,,,,,,
,,,,,,,,,,,,,
,,,,,,,,,,,,,
,,,,,,,,,,,,,
,,,,,,,,,,,,,
,,,,,,,,,,,,,
,,,,,,,,,,,,,
,,,,,,,,,,,,,
,,,,,,,,,,,,,
,,,,,,,,,,,,,
,,,,,,,,,,,,,
,,,,,,,,,,,,,
,,,,,,,,,,,,,
,,,,,,,,,,,,,
,,,,,,,,,,,,,
,,,,,,,,,,,,,
,,,,,,,,,,,,,
,,,,,,,,,,,,,
,,,,,,,,,,,,,
,,,,,,,,,,,,,
,,,,,,,,,,,,,
,,,,,,,,,,,,,
,,,,,,,,,,,,,
,,,,,,,,,,,,,
,,,,,,,,,,,,,
,,,,,,,,,,,,,
,,,,,,,,,,,,,
,,,,,,,,,,,,,
,,,,,,,,,,,,,
,,,,,,,,,,,,,
,,,,,,,,,,,,,
,,,,,,,,,,,,,
,,,,,,,,,,,,,
,,,,,,,,,,,,,
,,,,,,,,,,,,,
,,,,,,,,,,,,,
,,,,,,,,,,,,,
,,,,,,,,,,,,,
,,,,,,,,,,,,,
,,,,,,,,,,,,,
,,,,,,,,,,,,,
,,,,,,,,,,,,,
,,,,,,,,,,,,,
,,,,,,,,,,,,,
,,,,,,,,,,,,,
,,,,,,,,,,,,,
,,,,,,,,,,,,,
,,,,,,,,,,,,,
,,,,,,,,,,,,,
,,,,,,,,,,,,,
,,,,,,,,,,,,,
,,,,,,,,,,,,,
,,,,,,,,,,,,,
,,,,,,,,,,,,,
,,,,,,,,,,,,,
,,,,,,,,,,,,,
,,,,,,,,,,,,,
,,,,,,,,,,,,,
,,,,,,,,,,,,,
,,,,,,,,,,,,,
,,,,,,,,,,,,,
,,,,,,,,,,,,,
,,,,,,,,,,,,,
,,,,,,,,,,,,,
,,,,,,,,,,,,,
,,,,,,,,,,,,,
,,,,,,,,,,,,,
,,,,,,,,,,,,,
,,,,,,,,,,,,,
,,,,,,,,,,,,,
,,,,,,,,,,,,,
,,,,,,,,,,,,,
,,,,,,,,,,,,,
,,,,,,,,,,,,,
,,,,,,,,,,,,,
,,,,,,,,,,,,,
,,,,,,,,,,,,,
,,,,,,,,,,,,,
,,,,,,,,,,,,,
,,,,,,,,,,,,,
,,,,,,,,,,,,,
,,,,,,,,,,,,,
,,,,,,,,,,,,,
,,,,,,,,,,,,,
,,,,,,,,,,,,,
,,,,,,,,,,,,,
,,,,,,,,,,,,,
,,,,,,,,,,,,,
,,,,,,,,,,,,,
,,,,,,,,,,,,,
,,,,,,,,,,,,,
,,,,,,,,,,,,,
,,,,,,,,,,,,,
,,,,,,,,,,,,,
,,,,,,,,,,,,,
,,,,,,,,,,,,,
,,,,,,,,,,,,,
,,,,,,,,,,,,,
,,,,,,,,,,,,,
,,,,,,,,,,,,,
,,,,,,,,,,,,,
,,,,,,,,,,,,,
,,,,,,,,,,,,,
,,,,,,,,,,,,,
,,,,,,,,,,,,,
,,,,,,,,,,,,,
,,,,,,,,,,,,,
,,,,,,,,,,,,,
,,,,,,,,,,,,,
,,,,,,,,,,,,,
,,,,,,,,,,,,,
,,,,,,,,,,,,,
,,,,,,,,,,,,,
,,,,,,,,,,,,,
,,,,,,,,,,,,,
,,,,,,,,,,,,,
,,,,,,,,,,,,,
,,,,,,,,,,,,,
,,,,,,,,,,,,,
,,,,,,,,,,,,,
,,,,,,,,,,,,,
,,,,,,,,,,,,,
,,,,,,,,,,,,,
,,,,,,,,,,,,,
,,,,,,,,,,,,,
,,,,,,,,,,,,,
,,,,,,,,,,,,,
,,,,,,,,,,,,,
,,,,,,,,,,,,,
,,,,,,,,,,,,,
,,,,,,,,,,,,,
,,,,,,,,,,,,,
,,,,,,,,,,,,,
,,,,,,,,,,,,,
,,,,,,,,,,,,,
,,,,,,,,,,,,,
,,,,,,,,,,,,,
,,,,,,,,,,,,,
,,,,,,,,,,,,,
,,,,,,,,,,,,,
,,,,,,,,,,,,,
,,,,,,,,,,,,,
,,,,,,,,,,,,,
,,,,,,,,,,,,,
,,,,,,,,,,,,,
,,,,,,,,,,,,,
,,,,,,,,,,,,,
,,,,,,,,,,,,,
,,,,,,,,,,,,,
,,,,,,,,,,,,,
,,,,,,,,,,,,,
,,,,,,,,,,,,,
,,,,,,,,,,,,,
,,,,,,,,,,,,,
,,,,,,,,,,,,,
,,,,,,,,,,,,,
,,,,,,,,,,,,,
,,,,,,,,,,,,,
,,,,,,,,,,,,,
,,,,,,,,,,,,,
,,,,,,,,,,,,,
,,,,,,,,,,,,,
,,,,,,,,,,,,,
,,,,,,,,,,,,,
,,,,,,,,,,,,,
,,,,,,,,,,,,,
,,,,,,,,,,,,,
,,,,,,,,,,,,,
,,,,,,,,,,,,,
,,,,,,,,,,,,,
,,,,,,,,,,,,,
,,,,,,,,,,,,,
,,,,,,,,,,,,,
,,,,,,,,,,,,,
,,,,,,,,,,,,,
,,,,,,,,,,,,,
,,,,,,,,,,,,,
,,,,,,,,,,,,,
,,,,,,,,,,,,,
,,,,,,,,,,,,,
,,,,,,,,,,,,,
,,,,,,,,,,,,,
,,,,,,,,,,,,,
,,,,,,,,,,,,,
,,,,,,,,,,,,,
,,,,,,,,,,,,,
,,,,,,,,,,,,,
,,,,,,,,,,,,,
,,,,,,,,,,,,,
,,,,,,,,,,,,,
,,,,,,,,,,,,,
,,,,,,,,,,,,,
,,,,,,,,,,,,,
,,,,,,,,,,,,,
,,,,,,,,,,,,,
,,,,,,,,,,,,,
,,,,,,,,,,,,,
